%YAML 1.1
%TAG !u! tag:unity3d.com,2011:
--- !u!29 &1
OcclusionCullingSettings:
  m_ObjectHideFlags: 0
  serializedVersion: 2
  m_OcclusionBakeSettings:
    smallestOccluder: 5
    smallestHole: 0.25
    backfaceThreshold: 100
  m_SceneGUID: 00000000000000000000000000000000
  m_OcclusionCullingData: {fileID: 0}
--- !u!104 &2
RenderSettings:
  m_ObjectHideFlags: 0
  serializedVersion: 8
  m_Fog: 0
  m_FogColor: {r: 0.5, g: 0.5, b: 0.5, a: 1}
  m_FogMode: 3
  m_FogDensity: 0.01
  m_LinearFogStart: 0
  m_LinearFogEnd: 300
  m_AmbientSkyColor: {r: 0.212, g: 0.227, b: 0.259, a: 1}
  m_AmbientEquatorColor: {r: 0.114, g: 0.125, b: 0.133, a: 1}
  m_AmbientGroundColor: {r: 0.047, g: 0.043, b: 0.035, a: 1}
  m_AmbientIntensity: 1
  m_AmbientMode: 3
  m_SubtractiveShadowColor: {r: 0.42, g: 0.478, b: 0.627, a: 1}
  m_SkyboxMaterial: {fileID: 0}
  m_HaloStrength: 0.5
  m_FlareStrength: 1
  m_FlareFadeSpeed: 3
  m_HaloTexture: {fileID: 0}
  m_SpotCookie: {fileID: 10001, guid: 0000000000000000e000000000000000, type: 0}
  m_DefaultReflectionMode: 0
  m_DefaultReflectionResolution: 128
  m_ReflectionBounces: 1
  m_ReflectionIntensity: 1
  m_CustomReflection: {fileID: 0}
  m_Sun: {fileID: 0}
  m_IndirectSpecularColor: {r: 0, g: 0, b: 0, a: 1}
--- !u!157 &3
LightmapSettings:
  m_ObjectHideFlags: 0
  serializedVersion: 11
  m_GIWorkflowMode: 1
  m_GISettings:
    serializedVersion: 2
    m_BounceScale: 1
    m_IndirectOutputScale: 1
    m_AlbedoBoost: 1
    m_TemporalCoherenceThreshold: 1
    m_EnvironmentLightingMode: 0
    m_EnableBakedLightmaps: 0
    m_EnableRealtimeLightmaps: 0
  m_LightmapEditorSettings:
    serializedVersion: 9
    m_Resolution: 2
    m_BakeResolution: 40
    m_TextureWidth: 1024
    m_TextureHeight: 1024
    m_AO: 0
    m_AOMaxDistance: 1
    m_CompAOExponent: 1
    m_CompAOExponentDirect: 0
    m_Padding: 2
    m_LightmapParameters: {fileID: 0}
    m_LightmapsBakeMode: 1
    m_TextureCompression: 1
    m_FinalGather: 0
    m_FinalGatherFiltering: 1
    m_FinalGatherRayCount: 256
    m_ReflectionCompression: 2
    m_MixedBakeMode: 2
    m_BakeBackend: 0
    m_PVRSampling: 1
    m_PVRDirectSampleCount: 32
    m_PVRSampleCount: 500
    m_PVRBounces: 2
    m_PVRFiltering: 0
    m_PVRFilteringMode: 1
    m_PVRCulling: 1
    m_PVRFilteringGaussRadiusDirect: 1
    m_PVRFilteringGaussRadiusIndirect: 5
    m_PVRFilteringGaussRadiusAO: 2
    m_PVRFilteringAtrousColorSigma: 1
    m_PVRFilteringAtrousNormalSigma: 1
    m_PVRFilteringAtrousPositionSigma: 1
  m_LightingDataAsset: {fileID: 0}
  m_UseShadowmask: 1
--- !u!196 &4
NavMeshSettings:
  serializedVersion: 2
  m_ObjectHideFlags: 0
  m_BuildSettings:
    serializedVersion: 2
    agentTypeID: 0
    agentRadius: 0.5
    agentHeight: 2
    agentSlope: 45
    agentClimb: 0.4
    ledgeDropHeight: 0
    maxJumpAcrossDistance: 0
    minRegionArea: 2
    manualCellSize: 0
    cellSize: 0.16666667
    manualTileSize: 0
    tileSize: 256
    accuratePlacement: 0
  m_NavMeshData: {fileID: 0}
--- !u!1001 &39558996
Prefab:
  m_ObjectHideFlags: 0
  serializedVersion: 2
  m_Modification:
    m_TransformParent: {fileID: 1663899092}
    m_Modifications:
    - target: {fileID: 4092057462786204, guid: 3b70fc22738ed2a468234d601eced655, type: 2}
      propertyPath: m_LocalPosition.x
      value: 4
      objectReference: {fileID: 0}
    - target: {fileID: 4092057462786204, guid: 3b70fc22738ed2a468234d601eced655, type: 2}
      propertyPath: m_LocalPosition.y
      value: 0
      objectReference: {fileID: 0}
    - target: {fileID: 4092057462786204, guid: 3b70fc22738ed2a468234d601eced655, type: 2}
      propertyPath: m_LocalPosition.z
      value: 0
      objectReference: {fileID: 0}
    - target: {fileID: 4092057462786204, guid: 3b70fc22738ed2a468234d601eced655, type: 2}
      propertyPath: m_LocalRotation.x
      value: -0
      objectReference: {fileID: 0}
    - target: {fileID: 4092057462786204, guid: 3b70fc22738ed2a468234d601eced655, type: 2}
      propertyPath: m_LocalRotation.y
      value: -0
      objectReference: {fileID: 0}
    - target: {fileID: 4092057462786204, guid: 3b70fc22738ed2a468234d601eced655, type: 2}
      propertyPath: m_LocalRotation.z
      value: -0
      objectReference: {fileID: 0}
    - target: {fileID: 4092057462786204, guid: 3b70fc22738ed2a468234d601eced655, type: 2}
      propertyPath: m_LocalRotation.w
      value: 1
      objectReference: {fileID: 0}
    - target: {fileID: 4092057462786204, guid: 3b70fc22738ed2a468234d601eced655, type: 2}
      propertyPath: m_RootOrder
      value: 4
      objectReference: {fileID: 0}
    - target: {fileID: 1890627437533070, guid: 3b70fc22738ed2a468234d601eced655, type: 2}
      propertyPath: m_Name
      value: cell_4_4
      objectReference: {fileID: 0}
    m_RemovedComponents: []
  m_ParentPrefab: {fileID: 100100000, guid: 3b70fc22738ed2a468234d601eced655, type: 2}
  m_IsPrefabParent: 0
--- !u!1 &39558997 stripped
GameObject:
  m_PrefabParentObject: {fileID: 1890627437533070, guid: 3b70fc22738ed2a468234d601eced655,
    type: 2}
  m_PrefabInternal: {fileID: 39558996}
--- !u!4 &39558998 stripped
Transform:
  m_PrefabParentObject: {fileID: 4092057462786204, guid: 3b70fc22738ed2a468234d601eced655,
    type: 2}
  m_PrefabInternal: {fileID: 39558996}
--- !u!1 &168631593
GameObject:
  m_ObjectHideFlags: 0
  m_PrefabParentObject: {fileID: 0}
  m_PrefabInternal: {fileID: 0}
  serializedVersion: 5
  m_Component:
  - component: {fileID: 168631594}
  m_Layer: 0
  m_Name: row3
  m_TagString: Untagged
  m_Icon: {fileID: 0}
  m_NavMeshLayer: 0
  m_StaticEditorFlags: 0
  m_IsActive: 1
--- !u!4 &168631594
Transform:
  m_ObjectHideFlags: 0
  m_PrefabParentObject: {fileID: 0}
  m_PrefabInternal: {fileID: 0}
  m_GameObject: {fileID: 168631593}
  m_LocalRotation: {x: -0, y: -0, z: -0, w: 1}
  m_LocalPosition: {x: 0, y: -3, z: 0}
  m_LocalScale: {x: 1, y: 1, z: 1}
  m_Children:
  - {fileID: 255161936}
  - {fileID: 1372254750}
  - {fileID: 224065785}
  - {fileID: 704714463}
  - {fileID: 765474451}
  m_Father: {fileID: 1427070642}
  m_RootOrder: 3
  m_LocalEulerAnglesHint: {x: 0, y: 0, z: 0}
--- !u!1001 &177972272
Prefab:
  m_ObjectHideFlags: 0
  serializedVersion: 2
  m_Modification:
    m_TransformParent: {fileID: 1551721974}
    m_Modifications:
    - target: {fileID: 4092057462786204, guid: 3b70fc22738ed2a468234d601eced655, type: 2}
      propertyPath: m_LocalPosition.x
      value: 2
      objectReference: {fileID: 0}
    - target: {fileID: 4092057462786204, guid: 3b70fc22738ed2a468234d601eced655, type: 2}
      propertyPath: m_LocalPosition.y
      value: 0
      objectReference: {fileID: 0}
    - target: {fileID: 4092057462786204, guid: 3b70fc22738ed2a468234d601eced655, type: 2}
      propertyPath: m_LocalPosition.z
      value: 0
      objectReference: {fileID: 0}
    - target: {fileID: 4092057462786204, guid: 3b70fc22738ed2a468234d601eced655, type: 2}
      propertyPath: m_LocalRotation.x
      value: -0
      objectReference: {fileID: 0}
    - target: {fileID: 4092057462786204, guid: 3b70fc22738ed2a468234d601eced655, type: 2}
      propertyPath: m_LocalRotation.y
      value: -0
      objectReference: {fileID: 0}
    - target: {fileID: 4092057462786204, guid: 3b70fc22738ed2a468234d601eced655, type: 2}
      propertyPath: m_LocalRotation.z
      value: -0
      objectReference: {fileID: 0}
    - target: {fileID: 4092057462786204, guid: 3b70fc22738ed2a468234d601eced655, type: 2}
      propertyPath: m_LocalRotation.w
      value: 1
      objectReference: {fileID: 0}
    - target: {fileID: 4092057462786204, guid: 3b70fc22738ed2a468234d601eced655, type: 2}
      propertyPath: m_RootOrder
      value: 2
      objectReference: {fileID: 0}
    - target: {fileID: 1890627437533070, guid: 3b70fc22738ed2a468234d601eced655, type: 2}
      propertyPath: m_Name
      value: cell_1_2
      objectReference: {fileID: 0}
    m_RemovedComponents: []
  m_ParentPrefab: {fileID: 100100000, guid: 3b70fc22738ed2a468234d601eced655, type: 2}
  m_IsPrefabParent: 0
--- !u!4 &177972273 stripped
Transform:
  m_PrefabParentObject: {fileID: 4092057462786204, guid: 3b70fc22738ed2a468234d601eced655,
    type: 2}
  m_PrefabInternal: {fileID: 177972272}
--- !u!1 &177972274 stripped
GameObject:
  m_PrefabParentObject: {fileID: 1890627437533070, guid: 3b70fc22738ed2a468234d601eced655,
    type: 2}
  m_PrefabInternal: {fileID: 177972272}
--- !u!1001 &185625444
Prefab:
  m_ObjectHideFlags: 0
  serializedVersion: 2
  m_Modification:
    m_TransformParent: {fileID: 1475698725}
    m_Modifications:
    - target: {fileID: 4092057462786204, guid: 3b70fc22738ed2a468234d601eced655, type: 2}
      propertyPath: m_LocalPosition.x
      value: 2
      objectReference: {fileID: 0}
    - target: {fileID: 4092057462786204, guid: 3b70fc22738ed2a468234d601eced655, type: 2}
      propertyPath: m_LocalPosition.y
      value: 0
      objectReference: {fileID: 0}
    - target: {fileID: 4092057462786204, guid: 3b70fc22738ed2a468234d601eced655, type: 2}
      propertyPath: m_LocalPosition.z
      value: 0
      objectReference: {fileID: 0}
    - target: {fileID: 4092057462786204, guid: 3b70fc22738ed2a468234d601eced655, type: 2}
      propertyPath: m_LocalRotation.x
      value: -0
      objectReference: {fileID: 0}
    - target: {fileID: 4092057462786204, guid: 3b70fc22738ed2a468234d601eced655, type: 2}
      propertyPath: m_LocalRotation.y
      value: -0
      objectReference: {fileID: 0}
    - target: {fileID: 4092057462786204, guid: 3b70fc22738ed2a468234d601eced655, type: 2}
      propertyPath: m_LocalRotation.z
      value: -0
      objectReference: {fileID: 0}
    - target: {fileID: 4092057462786204, guid: 3b70fc22738ed2a468234d601eced655, type: 2}
      propertyPath: m_LocalRotation.w
      value: 1
      objectReference: {fileID: 0}
    - target: {fileID: 4092057462786204, guid: 3b70fc22738ed2a468234d601eced655, type: 2}
      propertyPath: m_RootOrder
      value: 2
      objectReference: {fileID: 0}
    - target: {fileID: 1890627437533070, guid: 3b70fc22738ed2a468234d601eced655, type: 2}
      propertyPath: m_Name
      value: cell_0_2
      objectReference: {fileID: 0}
    m_RemovedComponents: []
  m_ParentPrefab: {fileID: 100100000, guid: 3b70fc22738ed2a468234d601eced655, type: 2}
  m_IsPrefabParent: 0
--- !u!4 &185625445 stripped
Transform:
  m_PrefabParentObject: {fileID: 4092057462786204, guid: 3b70fc22738ed2a468234d601eced655,
    type: 2}
  m_PrefabInternal: {fileID: 185625444}
--- !u!1 &185625446 stripped
GameObject:
  m_PrefabParentObject: {fileID: 1890627437533070, guid: 3b70fc22738ed2a468234d601eced655,
    type: 2}
  m_PrefabInternal: {fileID: 185625444}
--- !u!1001 &224065784
Prefab:
  m_ObjectHideFlags: 0
  serializedVersion: 2
  m_Modification:
    m_TransformParent: {fileID: 168631594}
    m_Modifications:
    - target: {fileID: 4092057462786204, guid: 3b70fc22738ed2a468234d601eced655, type: 2}
      propertyPath: m_LocalPosition.x
      value: 2
      objectReference: {fileID: 0}
    - target: {fileID: 4092057462786204, guid: 3b70fc22738ed2a468234d601eced655, type: 2}
      propertyPath: m_LocalPosition.y
      value: 0
      objectReference: {fileID: 0}
    - target: {fileID: 4092057462786204, guid: 3b70fc22738ed2a468234d601eced655, type: 2}
      propertyPath: m_LocalPosition.z
      value: 0
      objectReference: {fileID: 0}
    - target: {fileID: 4092057462786204, guid: 3b70fc22738ed2a468234d601eced655, type: 2}
      propertyPath: m_LocalRotation.x
      value: -0
      objectReference: {fileID: 0}
    - target: {fileID: 4092057462786204, guid: 3b70fc22738ed2a468234d601eced655, type: 2}
      propertyPath: m_LocalRotation.y
      value: -0
      objectReference: {fileID: 0}
    - target: {fileID: 4092057462786204, guid: 3b70fc22738ed2a468234d601eced655, type: 2}
      propertyPath: m_LocalRotation.z
      value: -0
      objectReference: {fileID: 0}
    - target: {fileID: 4092057462786204, guid: 3b70fc22738ed2a468234d601eced655, type: 2}
      propertyPath: m_LocalRotation.w
      value: 1
      objectReference: {fileID: 0}
    - target: {fileID: 4092057462786204, guid: 3b70fc22738ed2a468234d601eced655, type: 2}
      propertyPath: m_RootOrder
      value: 2
      objectReference: {fileID: 0}
    - target: {fileID: 1890627437533070, guid: 3b70fc22738ed2a468234d601eced655, type: 2}
      propertyPath: m_Name
      value: cell_3_2
      objectReference: {fileID: 0}
    m_RemovedComponents: []
  m_ParentPrefab: {fileID: 100100000, guid: 3b70fc22738ed2a468234d601eced655, type: 2}
  m_IsPrefabParent: 0
--- !u!4 &224065785 stripped
Transform:
  m_PrefabParentObject: {fileID: 4092057462786204, guid: 3b70fc22738ed2a468234d601eced655,
    type: 2}
  m_PrefabInternal: {fileID: 224065784}
--- !u!1 &224065786 stripped
GameObject:
  m_PrefabParentObject: {fileID: 1890627437533070, guid: 3b70fc22738ed2a468234d601eced655,
    type: 2}
  m_PrefabInternal: {fileID: 224065784}
--- !u!1001 &255161935
Prefab:
  m_ObjectHideFlags: 0
  serializedVersion: 2
  m_Modification:
    m_TransformParent: {fileID: 168631594}
    m_Modifications:
    - target: {fileID: 4092057462786204, guid: 3b70fc22738ed2a468234d601eced655, type: 2}
      propertyPath: m_LocalPosition.x
      value: 0
      objectReference: {fileID: 0}
    - target: {fileID: 4092057462786204, guid: 3b70fc22738ed2a468234d601eced655, type: 2}
      propertyPath: m_LocalPosition.y
      value: 0
      objectReference: {fileID: 0}
    - target: {fileID: 4092057462786204, guid: 3b70fc22738ed2a468234d601eced655, type: 2}
      propertyPath: m_LocalPosition.z
      value: 0
      objectReference: {fileID: 0}
    - target: {fileID: 4092057462786204, guid: 3b70fc22738ed2a468234d601eced655, type: 2}
      propertyPath: m_LocalRotation.x
      value: -0
      objectReference: {fileID: 0}
    - target: {fileID: 4092057462786204, guid: 3b70fc22738ed2a468234d601eced655, type: 2}
      propertyPath: m_LocalRotation.y
      value: -0
      objectReference: {fileID: 0}
    - target: {fileID: 4092057462786204, guid: 3b70fc22738ed2a468234d601eced655, type: 2}
      propertyPath: m_LocalRotation.z
      value: -0
      objectReference: {fileID: 0}
    - target: {fileID: 4092057462786204, guid: 3b70fc22738ed2a468234d601eced655, type: 2}
      propertyPath: m_LocalRotation.w
      value: 1
      objectReference: {fileID: 0}
    - target: {fileID: 4092057462786204, guid: 3b70fc22738ed2a468234d601eced655, type: 2}
      propertyPath: m_RootOrder
      value: 0
      objectReference: {fileID: 0}
    - target: {fileID: 1890627437533070, guid: 3b70fc22738ed2a468234d601eced655, type: 2}
      propertyPath: m_Name
      value: cell_3_0
      objectReference: {fileID: 0}
    m_RemovedComponents: []
  m_ParentPrefab: {fileID: 100100000, guid: 3b70fc22738ed2a468234d601eced655, type: 2}
  m_IsPrefabParent: 0
--- !u!4 &255161936 stripped
Transform:
  m_PrefabParentObject: {fileID: 4092057462786204, guid: 3b70fc22738ed2a468234d601eced655,
    type: 2}
  m_PrefabInternal: {fileID: 255161935}
--- !u!1 &255161937 stripped
GameObject:
  m_PrefabParentObject: {fileID: 1890627437533070, guid: 3b70fc22738ed2a468234d601eced655,
    type: 2}
  m_PrefabInternal: {fileID: 255161935}
--- !u!1001 &453484401
Prefab:
  m_ObjectHideFlags: 0
  serializedVersion: 2
  m_Modification:
    m_TransformParent: {fileID: 1663899092}
    m_Modifications:
    - target: {fileID: 4092057462786204, guid: 3b70fc22738ed2a468234d601eced655, type: 2}
      propertyPath: m_LocalPosition.x
      value: 1
      objectReference: {fileID: 0}
    - target: {fileID: 4092057462786204, guid: 3b70fc22738ed2a468234d601eced655, type: 2}
      propertyPath: m_LocalPosition.y
      value: 0
      objectReference: {fileID: 0}
    - target: {fileID: 4092057462786204, guid: 3b70fc22738ed2a468234d601eced655, type: 2}
      propertyPath: m_LocalPosition.z
      value: 0
      objectReference: {fileID: 0}
    - target: {fileID: 4092057462786204, guid: 3b70fc22738ed2a468234d601eced655, type: 2}
      propertyPath: m_LocalRotation.x
      value: -0
      objectReference: {fileID: 0}
    - target: {fileID: 4092057462786204, guid: 3b70fc22738ed2a468234d601eced655, type: 2}
      propertyPath: m_LocalRotation.y
      value: -0
      objectReference: {fileID: 0}
    - target: {fileID: 4092057462786204, guid: 3b70fc22738ed2a468234d601eced655, type: 2}
      propertyPath: m_LocalRotation.z
      value: -0
      objectReference: {fileID: 0}
    - target: {fileID: 4092057462786204, guid: 3b70fc22738ed2a468234d601eced655, type: 2}
      propertyPath: m_LocalRotation.w
      value: 1
      objectReference: {fileID: 0}
    - target: {fileID: 4092057462786204, guid: 3b70fc22738ed2a468234d601eced655, type: 2}
      propertyPath: m_RootOrder
      value: 1
      objectReference: {fileID: 0}
    - target: {fileID: 1890627437533070, guid: 3b70fc22738ed2a468234d601eced655, type: 2}
      propertyPath: m_Name
      value: cell_4_1
      objectReference: {fileID: 0}
    m_RemovedComponents: []
  m_ParentPrefab: {fileID: 100100000, guid: 3b70fc22738ed2a468234d601eced655, type: 2}
  m_IsPrefabParent: 0
--- !u!4 &453484402 stripped
Transform:
  m_PrefabParentObject: {fileID: 4092057462786204, guid: 3b70fc22738ed2a468234d601eced655,
    type: 2}
  m_PrefabInternal: {fileID: 453484401}
--- !u!1 &453484403 stripped
GameObject:
  m_PrefabParentObject: {fileID: 1890627437533070, guid: 3b70fc22738ed2a468234d601eced655,
    type: 2}
  m_PrefabInternal: {fileID: 453484401}
--- !u!1001 &502254442
Prefab:
  m_ObjectHideFlags: 0
  serializedVersion: 2
  m_Modification:
    m_TransformParent: {fileID: 1551721974}
    m_Modifications:
    - target: {fileID: 4092057462786204, guid: 3b70fc22738ed2a468234d601eced655, type: 2}
      propertyPath: m_LocalPosition.x
      value: 3
      objectReference: {fileID: 0}
    - target: {fileID: 4092057462786204, guid: 3b70fc22738ed2a468234d601eced655, type: 2}
      propertyPath: m_LocalPosition.y
      value: 0
      objectReference: {fileID: 0}
    - target: {fileID: 4092057462786204, guid: 3b70fc22738ed2a468234d601eced655, type: 2}
      propertyPath: m_LocalPosition.z
      value: 0
      objectReference: {fileID: 0}
    - target: {fileID: 4092057462786204, guid: 3b70fc22738ed2a468234d601eced655, type: 2}
      propertyPath: m_LocalRotation.x
      value: -0
      objectReference: {fileID: 0}
    - target: {fileID: 4092057462786204, guid: 3b70fc22738ed2a468234d601eced655, type: 2}
      propertyPath: m_LocalRotation.y
      value: -0
      objectReference: {fileID: 0}
    - target: {fileID: 4092057462786204, guid: 3b70fc22738ed2a468234d601eced655, type: 2}
      propertyPath: m_LocalRotation.z
      value: -0
      objectReference: {fileID: 0}
    - target: {fileID: 4092057462786204, guid: 3b70fc22738ed2a468234d601eced655, type: 2}
      propertyPath: m_LocalRotation.w
      value: 1
      objectReference: {fileID: 0}
    - target: {fileID: 4092057462786204, guid: 3b70fc22738ed2a468234d601eced655, type: 2}
      propertyPath: m_RootOrder
      value: 3
      objectReference: {fileID: 0}
    - target: {fileID: 1890627437533070, guid: 3b70fc22738ed2a468234d601eced655, type: 2}
      propertyPath: m_Name
      value: cell_1_3
      objectReference: {fileID: 0}
    m_RemovedComponents: []
  m_ParentPrefab: {fileID: 100100000, guid: 3b70fc22738ed2a468234d601eced655, type: 2}
  m_IsPrefabParent: 0
--- !u!4 &502254443 stripped
Transform:
  m_PrefabParentObject: {fileID: 4092057462786204, guid: 3b70fc22738ed2a468234d601eced655,
    type: 2}
  m_PrefabInternal: {fileID: 502254442}
--- !u!1 &502254444 stripped
GameObject:
  m_PrefabParentObject: {fileID: 1890627437533070, guid: 3b70fc22738ed2a468234d601eced655,
    type: 2}
  m_PrefabInternal: {fileID: 502254442}
--- !u!1001 &505361026
Prefab:
  m_ObjectHideFlags: 0
  serializedVersion: 2
  m_Modification:
    m_TransformParent: {fileID: 1551721974}
    m_Modifications:
    - target: {fileID: 4092057462786204, guid: 3b70fc22738ed2a468234d601eced655, type: 2}
      propertyPath: m_LocalPosition.x
      value: 0
      objectReference: {fileID: 0}
    - target: {fileID: 4092057462786204, guid: 3b70fc22738ed2a468234d601eced655, type: 2}
      propertyPath: m_LocalPosition.y
      value: 0
      objectReference: {fileID: 0}
    - target: {fileID: 4092057462786204, guid: 3b70fc22738ed2a468234d601eced655, type: 2}
      propertyPath: m_LocalPosition.z
      value: 0
      objectReference: {fileID: 0}
    - target: {fileID: 4092057462786204, guid: 3b70fc22738ed2a468234d601eced655, type: 2}
      propertyPath: m_LocalRotation.x
      value: -0
      objectReference: {fileID: 0}
    - target: {fileID: 4092057462786204, guid: 3b70fc22738ed2a468234d601eced655, type: 2}
      propertyPath: m_LocalRotation.y
      value: -0
      objectReference: {fileID: 0}
    - target: {fileID: 4092057462786204, guid: 3b70fc22738ed2a468234d601eced655, type: 2}
      propertyPath: m_LocalRotation.z
      value: -0
      objectReference: {fileID: 0}
    - target: {fileID: 4092057462786204, guid: 3b70fc22738ed2a468234d601eced655, type: 2}
      propertyPath: m_LocalRotation.w
      value: 1
      objectReference: {fileID: 0}
    - target: {fileID: 4092057462786204, guid: 3b70fc22738ed2a468234d601eced655, type: 2}
      propertyPath: m_RootOrder
      value: 0
      objectReference: {fileID: 0}
    - target: {fileID: 1890627437533070, guid: 3b70fc22738ed2a468234d601eced655, type: 2}
      propertyPath: m_Name
      value: cell_1_0
      objectReference: {fileID: 0}
    m_RemovedComponents: []
  m_ParentPrefab: {fileID: 100100000, guid: 3b70fc22738ed2a468234d601eced655, type: 2}
  m_IsPrefabParent: 0
--- !u!4 &505361027 stripped
Transform:
  m_PrefabParentObject: {fileID: 4092057462786204, guid: 3b70fc22738ed2a468234d601eced655,
    type: 2}
  m_PrefabInternal: {fileID: 505361026}
--- !u!1 &505361028 stripped
GameObject:
  m_PrefabParentObject: {fileID: 1890627437533070, guid: 3b70fc22738ed2a468234d601eced655,
    type: 2}
  m_PrefabInternal: {fileID: 505361026}
--- !u!1001 &704714462
Prefab:
  m_ObjectHideFlags: 0
  serializedVersion: 2
  m_Modification:
    m_TransformParent: {fileID: 168631594}
    m_Modifications:
    - target: {fileID: 4092057462786204, guid: 3b70fc22738ed2a468234d601eced655, type: 2}
      propertyPath: m_LocalPosition.x
      value: 3
      objectReference: {fileID: 0}
    - target: {fileID: 4092057462786204, guid: 3b70fc22738ed2a468234d601eced655, type: 2}
      propertyPath: m_LocalPosition.y
      value: 0
      objectReference: {fileID: 0}
    - target: {fileID: 4092057462786204, guid: 3b70fc22738ed2a468234d601eced655, type: 2}
      propertyPath: m_LocalPosition.z
      value: 0
      objectReference: {fileID: 0}
    - target: {fileID: 4092057462786204, guid: 3b70fc22738ed2a468234d601eced655, type: 2}
      propertyPath: m_LocalRotation.x
      value: -0
      objectReference: {fileID: 0}
    - target: {fileID: 4092057462786204, guid: 3b70fc22738ed2a468234d601eced655, type: 2}
      propertyPath: m_LocalRotation.y
      value: -0
      objectReference: {fileID: 0}
    - target: {fileID: 4092057462786204, guid: 3b70fc22738ed2a468234d601eced655, type: 2}
      propertyPath: m_LocalRotation.z
      value: -0
      objectReference: {fileID: 0}
    - target: {fileID: 4092057462786204, guid: 3b70fc22738ed2a468234d601eced655, type: 2}
      propertyPath: m_LocalRotation.w
      value: 1
      objectReference: {fileID: 0}
    - target: {fileID: 4092057462786204, guid: 3b70fc22738ed2a468234d601eced655, type: 2}
      propertyPath: m_RootOrder
      value: 3
      objectReference: {fileID: 0}
    - target: {fileID: 1890627437533070, guid: 3b70fc22738ed2a468234d601eced655, type: 2}
      propertyPath: m_Name
      value: cell_3_3
      objectReference: {fileID: 0}
    m_RemovedComponents: []
  m_ParentPrefab: {fileID: 100100000, guid: 3b70fc22738ed2a468234d601eced655, type: 2}
  m_IsPrefabParent: 0
--- !u!4 &704714463 stripped
Transform:
  m_PrefabParentObject: {fileID: 4092057462786204, guid: 3b70fc22738ed2a468234d601eced655,
    type: 2}
  m_PrefabInternal: {fileID: 704714462}
--- !u!1 &704714464 stripped
GameObject:
  m_PrefabParentObject: {fileID: 1890627437533070, guid: 3b70fc22738ed2a468234d601eced655,
    type: 2}
  m_PrefabInternal: {fileID: 704714462}
--- !u!1001 &707108621
Prefab:
  m_ObjectHideFlags: 0
  serializedVersion: 2
  m_Modification:
    m_TransformParent: {fileID: 1475698725}
    m_Modifications:
    - target: {fileID: 4092057462786204, guid: 3b70fc22738ed2a468234d601eced655, type: 2}
      propertyPath: m_LocalPosition.x
      value: 3
      objectReference: {fileID: 0}
    - target: {fileID: 4092057462786204, guid: 3b70fc22738ed2a468234d601eced655, type: 2}
      propertyPath: m_LocalPosition.y
      value: 0
      objectReference: {fileID: 0}
    - target: {fileID: 4092057462786204, guid: 3b70fc22738ed2a468234d601eced655, type: 2}
      propertyPath: m_LocalPosition.z
      value: 0
      objectReference: {fileID: 0}
    - target: {fileID: 4092057462786204, guid: 3b70fc22738ed2a468234d601eced655, type: 2}
      propertyPath: m_LocalRotation.x
      value: -0
      objectReference: {fileID: 0}
    - target: {fileID: 4092057462786204, guid: 3b70fc22738ed2a468234d601eced655, type: 2}
      propertyPath: m_LocalRotation.y
      value: -0
      objectReference: {fileID: 0}
    - target: {fileID: 4092057462786204, guid: 3b70fc22738ed2a468234d601eced655, type: 2}
      propertyPath: m_LocalRotation.z
      value: -0
      objectReference: {fileID: 0}
    - target: {fileID: 4092057462786204, guid: 3b70fc22738ed2a468234d601eced655, type: 2}
      propertyPath: m_LocalRotation.w
      value: 1
      objectReference: {fileID: 0}
    - target: {fileID: 4092057462786204, guid: 3b70fc22738ed2a468234d601eced655, type: 2}
      propertyPath: m_RootOrder
      value: 3
      objectReference: {fileID: 0}
    - target: {fileID: 1890627437533070, guid: 3b70fc22738ed2a468234d601eced655, type: 2}
      propertyPath: m_Name
      value: cell_0_3
      objectReference: {fileID: 0}
    m_RemovedComponents: []
  m_ParentPrefab: {fileID: 100100000, guid: 3b70fc22738ed2a468234d601eced655, type: 2}
  m_IsPrefabParent: 0
--- !u!4 &707108622 stripped
Transform:
  m_PrefabParentObject: {fileID: 4092057462786204, guid: 3b70fc22738ed2a468234d601eced655,
    type: 2}
  m_PrefabInternal: {fileID: 707108621}
--- !u!1 &707108623 stripped
GameObject:
  m_PrefabParentObject: {fileID: 1890627437533070, guid: 3b70fc22738ed2a468234d601eced655,
    type: 2}
  m_PrefabInternal: {fileID: 707108621}
--- !u!1001 &724976329
Prefab:
  m_ObjectHideFlags: 0
  serializedVersion: 2
  m_Modification:
    m_TransformParent: {fileID: 0}
    m_Modifications:
    - target: {fileID: 4321759558560736, guid: e78b6e0676e26454b8f2518c681f226d, type: 2}
      propertyPath: m_LocalPosition.x
      value: 0
      objectReference: {fileID: 0}
    - target: {fileID: 4321759558560736, guid: e78b6e0676e26454b8f2518c681f226d, type: 2}
      propertyPath: m_LocalPosition.y
      value: 0
      objectReference: {fileID: 0}
    - target: {fileID: 4321759558560736, guid: e78b6e0676e26454b8f2518c681f226d, type: 2}
      propertyPath: m_LocalPosition.z
      value: 0
      objectReference: {fileID: 0}
    - target: {fileID: 4321759558560736, guid: e78b6e0676e26454b8f2518c681f226d, type: 2}
      propertyPath: m_LocalRotation.x
      value: 0
      objectReference: {fileID: 0}
    - target: {fileID: 4321759558560736, guid: e78b6e0676e26454b8f2518c681f226d, type: 2}
      propertyPath: m_LocalRotation.y
      value: 0
      objectReference: {fileID: 0}
    - target: {fileID: 4321759558560736, guid: e78b6e0676e26454b8f2518c681f226d, type: 2}
      propertyPath: m_LocalRotation.z
      value: 0
      objectReference: {fileID: 0}
    - target: {fileID: 4321759558560736, guid: e78b6e0676e26454b8f2518c681f226d, type: 2}
      propertyPath: m_LocalRotation.w
      value: 1
      objectReference: {fileID: 0}
    - target: {fileID: 4321759558560736, guid: e78b6e0676e26454b8f2518c681f226d, type: 2}
      propertyPath: m_RootOrder
      value: 0
      objectReference: {fileID: 0}
    m_RemovedComponents: []
  m_ParentPrefab: {fileID: 100100000, guid: e78b6e0676e26454b8f2518c681f226d, type: 2}
  m_IsPrefabParent: 0
--- !u!20 &724976330 stripped
Camera:
  m_PrefabParentObject: {fileID: 20417634878056504, guid: e78b6e0676e26454b8f2518c681f226d,
    type: 2}
  m_PrefabInternal: {fileID: 724976329}
--- !u!1001 &765474449
Prefab:
  m_ObjectHideFlags: 0
  serializedVersion: 2
  m_Modification:
    m_TransformParent: {fileID: 168631594}
    m_Modifications:
    - target: {fileID: 4092057462786204, guid: 3b70fc22738ed2a468234d601eced655, type: 2}
      propertyPath: m_LocalPosition.x
      value: 4
      objectReference: {fileID: 0}
    - target: {fileID: 4092057462786204, guid: 3b70fc22738ed2a468234d601eced655, type: 2}
      propertyPath: m_LocalPosition.y
      value: 0
      objectReference: {fileID: 0}
    - target: {fileID: 4092057462786204, guid: 3b70fc22738ed2a468234d601eced655, type: 2}
      propertyPath: m_LocalPosition.z
      value: 0
      objectReference: {fileID: 0}
    - target: {fileID: 4092057462786204, guid: 3b70fc22738ed2a468234d601eced655, type: 2}
      propertyPath: m_LocalRotation.x
      value: -0
      objectReference: {fileID: 0}
    - target: {fileID: 4092057462786204, guid: 3b70fc22738ed2a468234d601eced655, type: 2}
      propertyPath: m_LocalRotation.y
      value: -0
      objectReference: {fileID: 0}
    - target: {fileID: 4092057462786204, guid: 3b70fc22738ed2a468234d601eced655, type: 2}
      propertyPath: m_LocalRotation.z
      value: -0
      objectReference: {fileID: 0}
    - target: {fileID: 4092057462786204, guid: 3b70fc22738ed2a468234d601eced655, type: 2}
      propertyPath: m_LocalRotation.w
      value: 1
      objectReference: {fileID: 0}
    - target: {fileID: 4092057462786204, guid: 3b70fc22738ed2a468234d601eced655, type: 2}
      propertyPath: m_RootOrder
      value: 4
      objectReference: {fileID: 0}
    - target: {fileID: 1890627437533070, guid: 3b70fc22738ed2a468234d601eced655, type: 2}
      propertyPath: m_Name
      value: cell_3_4
      objectReference: {fileID: 0}
    m_RemovedComponents: []
  m_ParentPrefab: {fileID: 100100000, guid: 3b70fc22738ed2a468234d601eced655, type: 2}
  m_IsPrefabParent: 0
--- !u!1 &765474450 stripped
GameObject:
  m_PrefabParentObject: {fileID: 1890627437533070, guid: 3b70fc22738ed2a468234d601eced655,
    type: 2}
  m_PrefabInternal: {fileID: 765474449}
--- !u!4 &765474451 stripped
Transform:
  m_PrefabParentObject: {fileID: 4092057462786204, guid: 3b70fc22738ed2a468234d601eced655,
    type: 2}
  m_PrefabInternal: {fileID: 765474449}
--- !u!1 &790786234
GameObject:
  m_ObjectHideFlags: 0
  m_PrefabParentObject: {fileID: 0}
  m_PrefabInternal: {fileID: 0}
  serializedVersion: 5
  m_Component:
  - component: {fileID: 790786238}
  - component: {fileID: 790786237}
  - component: {fileID: 790786236}
  - component: {fileID: 790786235}
  m_Layer: 5
  m_Name: Canvas
  m_TagString: Untagged
  m_Icon: {fileID: 0}
  m_NavMeshLayer: 0
  m_StaticEditorFlags: 0
  m_IsActive: 1
--- !u!114 &790786235
MonoBehaviour:
  m_ObjectHideFlags: 0
  m_PrefabParentObject: {fileID: 0}
  m_PrefabInternal: {fileID: 0}
  m_GameObject: {fileID: 790786234}
  m_Enabled: 1
  m_EditorHideFlags: 0
  m_Script: {fileID: 1301386320, guid: f70555f144d8491a825f0804e09c671c, type: 3}
  m_Name: 
  m_EditorClassIdentifier: 
  m_IgnoreReversedGraphics: 1
  m_BlockingObjects: 0
  m_BlockingMask:
    serializedVersion: 2
    m_Bits: 4294967295
--- !u!114 &790786236
MonoBehaviour:
  m_ObjectHideFlags: 0
  m_PrefabParentObject: {fileID: 0}
  m_PrefabInternal: {fileID: 0}
  m_GameObject: {fileID: 790786234}
  m_Enabled: 1
  m_EditorHideFlags: 0
  m_Script: {fileID: 1980459831, guid: f70555f144d8491a825f0804e09c671c, type: 3}
  m_Name: 
  m_EditorClassIdentifier: 
  m_UiScaleMode: 0
  m_ReferencePixelsPerUnit: 100
  m_ScaleFactor: 1
  m_ReferenceResolution: {x: 800, y: 600}
  m_ScreenMatchMode: 0
  m_MatchWidthOrHeight: 0
  m_PhysicalUnit: 3
  m_FallbackScreenDPI: 96
  m_DefaultSpriteDPI: 96
  m_DynamicPixelsPerUnit: 1
--- !u!223 &790786237
Canvas:
  m_ObjectHideFlags: 0
  m_PrefabParentObject: {fileID: 0}
  m_PrefabInternal: {fileID: 0}
  m_GameObject: {fileID: 790786234}
  m_Enabled: 1
  serializedVersion: 3
  m_RenderMode: 1
  m_Camera: {fileID: 724976330}
  m_PlaneDistance: 100
  m_PixelPerfect: 0
  m_ReceivesEvents: 1
  m_OverrideSorting: 0
  m_OverridePixelPerfect: 0
  m_SortingBucketNormalizedSize: 0
  m_AdditionalShaderChannelsFlag: 0
  m_SortingLayerID: 0
  m_SortingOrder: 0
  m_TargetDisplay: 0
--- !u!224 &790786238
RectTransform:
  m_ObjectHideFlags: 0
  m_PrefabParentObject: {fileID: 0}
  m_PrefabInternal: {fileID: 0}
  m_GameObject: {fileID: 790786234}
  m_LocalRotation: {x: 0, y: 0, z: 0, w: 1}
  m_LocalPosition: {x: 0, y: 0, z: 0}
  m_LocalScale: {x: 0, y: 0, z: 0}
  m_Children:
  - {fileID: 2097182072}
  m_Father: {fileID: 0}
  m_RootOrder: 3
  m_LocalEulerAnglesHint: {x: 0, y: 0, z: 0}
  m_AnchorMin: {x: 0, y: 0}
  m_AnchorMax: {x: 0, y: 0}
  m_AnchoredPosition: {x: 0, y: 0}
  m_SizeDelta: {x: 0, y: 0}
  m_Pivot: {x: 0, y: 0}
--- !u!1001 &842735243
Prefab:
  m_ObjectHideFlags: 0
  serializedVersion: 2
  m_Modification:
    m_TransformParent: {fileID: 1932025855}
    m_Modifications:
    - target: {fileID: 4092057462786204, guid: 3b70fc22738ed2a468234d601eced655, type: 2}
      propertyPath: m_LocalPosition.x
      value: 4
      objectReference: {fileID: 0}
    - target: {fileID: 4092057462786204, guid: 3b70fc22738ed2a468234d601eced655, type: 2}
      propertyPath: m_LocalPosition.y
      value: 0
      objectReference: {fileID: 0}
    - target: {fileID: 4092057462786204, guid: 3b70fc22738ed2a468234d601eced655, type: 2}
      propertyPath: m_LocalPosition.z
      value: 0
      objectReference: {fileID: 0}
    - target: {fileID: 4092057462786204, guid: 3b70fc22738ed2a468234d601eced655, type: 2}
      propertyPath: m_LocalRotation.x
      value: -0
      objectReference: {fileID: 0}
    - target: {fileID: 4092057462786204, guid: 3b70fc22738ed2a468234d601eced655, type: 2}
      propertyPath: m_LocalRotation.y
      value: -0
      objectReference: {fileID: 0}
    - target: {fileID: 4092057462786204, guid: 3b70fc22738ed2a468234d601eced655, type: 2}
      propertyPath: m_LocalRotation.z
      value: -0
      objectReference: {fileID: 0}
    - target: {fileID: 4092057462786204, guid: 3b70fc22738ed2a468234d601eced655, type: 2}
      propertyPath: m_LocalRotation.w
      value: 1
      objectReference: {fileID: 0}
    - target: {fileID: 4092057462786204, guid: 3b70fc22738ed2a468234d601eced655, type: 2}
      propertyPath: m_RootOrder
      value: 4
      objectReference: {fileID: 0}
    - target: {fileID: 1890627437533070, guid: 3b70fc22738ed2a468234d601eced655, type: 2}
      propertyPath: m_Name
      value: cell_2_4
      objectReference: {fileID: 0}
    m_RemovedComponents: []
  m_ParentPrefab: {fileID: 100100000, guid: 3b70fc22738ed2a468234d601eced655, type: 2}
  m_IsPrefabParent: 0
--- !u!1 &842735244 stripped
GameObject:
  m_PrefabParentObject: {fileID: 1890627437533070, guid: 3b70fc22738ed2a468234d601eced655,
    type: 2}
  m_PrefabInternal: {fileID: 842735243}
--- !u!4 &842735245 stripped
Transform:
  m_PrefabParentObject: {fileID: 4092057462786204, guid: 3b70fc22738ed2a468234d601eced655,
    type: 2}
  m_PrefabInternal: {fileID: 842735243}
--- !u!1001 &1241679589
Prefab:
  m_ObjectHideFlags: 0
  serializedVersion: 2
  m_Modification:
    m_TransformParent: {fileID: 1663899092}
    m_Modifications:
    - target: {fileID: 4092057462786204, guid: 3b70fc22738ed2a468234d601eced655, type: 2}
      propertyPath: m_LocalPosition.x
      value: 3
      objectReference: {fileID: 0}
    - target: {fileID: 4092057462786204, guid: 3b70fc22738ed2a468234d601eced655, type: 2}
      propertyPath: m_LocalPosition.y
      value: 0
      objectReference: {fileID: 0}
    - target: {fileID: 4092057462786204, guid: 3b70fc22738ed2a468234d601eced655, type: 2}
      propertyPath: m_LocalPosition.z
      value: 0
      objectReference: {fileID: 0}
    - target: {fileID: 4092057462786204, guid: 3b70fc22738ed2a468234d601eced655, type: 2}
      propertyPath: m_LocalRotation.x
      value: -0
      objectReference: {fileID: 0}
    - target: {fileID: 4092057462786204, guid: 3b70fc22738ed2a468234d601eced655, type: 2}
      propertyPath: m_LocalRotation.y
      value: -0
      objectReference: {fileID: 0}
    - target: {fileID: 4092057462786204, guid: 3b70fc22738ed2a468234d601eced655, type: 2}
      propertyPath: m_LocalRotation.z
      value: -0
      objectReference: {fileID: 0}
    - target: {fileID: 4092057462786204, guid: 3b70fc22738ed2a468234d601eced655, type: 2}
      propertyPath: m_LocalRotation.w
      value: 1
      objectReference: {fileID: 0}
    - target: {fileID: 4092057462786204, guid: 3b70fc22738ed2a468234d601eced655, type: 2}
      propertyPath: m_RootOrder
      value: 3
      objectReference: {fileID: 0}
    - target: {fileID: 1890627437533070, guid: 3b70fc22738ed2a468234d601eced655, type: 2}
      propertyPath: m_Name
      value: cell_4_3
      objectReference: {fileID: 0}
    m_RemovedComponents: []
  m_ParentPrefab: {fileID: 100100000, guid: 3b70fc22738ed2a468234d601eced655, type: 2}
  m_IsPrefabParent: 0
--- !u!4 &1241679590 stripped
Transform:
  m_PrefabParentObject: {fileID: 4092057462786204, guid: 3b70fc22738ed2a468234d601eced655,
    type: 2}
  m_PrefabInternal: {fileID: 1241679589}
--- !u!1 &1241679591 stripped
GameObject:
  m_PrefabParentObject: {fileID: 1890627437533070, guid: 3b70fc22738ed2a468234d601eced655,
    type: 2}
  m_PrefabInternal: {fileID: 1241679589}
--- !u!1001 &1362049962
Prefab:
  m_ObjectHideFlags: 0
  serializedVersion: 2
  m_Modification:
    m_TransformParent: {fileID: 1663899092}
    m_Modifications:
    - target: {fileID: 4092057462786204, guid: 3b70fc22738ed2a468234d601eced655, type: 2}
      propertyPath: m_LocalPosition.x
      value: 2
      objectReference: {fileID: 0}
    - target: {fileID: 4092057462786204, guid: 3b70fc22738ed2a468234d601eced655, type: 2}
      propertyPath: m_LocalPosition.y
      value: 0
      objectReference: {fileID: 0}
    - target: {fileID: 4092057462786204, guid: 3b70fc22738ed2a468234d601eced655, type: 2}
      propertyPath: m_LocalPosition.z
      value: 0
      objectReference: {fileID: 0}
    - target: {fileID: 4092057462786204, guid: 3b70fc22738ed2a468234d601eced655, type: 2}
      propertyPath: m_LocalRotation.x
      value: -0
      objectReference: {fileID: 0}
    - target: {fileID: 4092057462786204, guid: 3b70fc22738ed2a468234d601eced655, type: 2}
      propertyPath: m_LocalRotation.y
      value: -0
      objectReference: {fileID: 0}
    - target: {fileID: 4092057462786204, guid: 3b70fc22738ed2a468234d601eced655, type: 2}
      propertyPath: m_LocalRotation.z
      value: -0
      objectReference: {fileID: 0}
    - target: {fileID: 4092057462786204, guid: 3b70fc22738ed2a468234d601eced655, type: 2}
      propertyPath: m_LocalRotation.w
      value: 1
      objectReference: {fileID: 0}
    - target: {fileID: 4092057462786204, guid: 3b70fc22738ed2a468234d601eced655, type: 2}
      propertyPath: m_RootOrder
      value: 2
      objectReference: {fileID: 0}
    - target: {fileID: 1890627437533070, guid: 3b70fc22738ed2a468234d601eced655, type: 2}
      propertyPath: m_Name
      value: cell_4_2
      objectReference: {fileID: 0}
    m_RemovedComponents: []
  m_ParentPrefab: {fileID: 100100000, guid: 3b70fc22738ed2a468234d601eced655, type: 2}
  m_IsPrefabParent: 0
--- !u!4 &1362049963 stripped
Transform:
  m_PrefabParentObject: {fileID: 4092057462786204, guid: 3b70fc22738ed2a468234d601eced655,
    type: 2}
  m_PrefabInternal: {fileID: 1362049962}
--- !u!1 &1362049964 stripped
GameObject:
  m_PrefabParentObject: {fileID: 1890627437533070, guid: 3b70fc22738ed2a468234d601eced655,
    type: 2}
  m_PrefabInternal: {fileID: 1362049962}
--- !u!1001 &1367145735
Prefab:
  m_ObjectHideFlags: 0
  serializedVersion: 2
  m_Modification:
    m_TransformParent: {fileID: 1475698725}
    m_Modifications:
    - target: {fileID: 4092057462786204, guid: 3b70fc22738ed2a468234d601eced655, type: 2}
      propertyPath: m_LocalPosition.x
      value: 0
      objectReference: {fileID: 0}
    - target: {fileID: 4092057462786204, guid: 3b70fc22738ed2a468234d601eced655, type: 2}
      propertyPath: m_LocalPosition.y
      value: 0
      objectReference: {fileID: 0}
    - target: {fileID: 4092057462786204, guid: 3b70fc22738ed2a468234d601eced655, type: 2}
      propertyPath: m_LocalPosition.z
      value: 0
      objectReference: {fileID: 0}
    - target: {fileID: 4092057462786204, guid: 3b70fc22738ed2a468234d601eced655, type: 2}
      propertyPath: m_LocalRotation.x
      value: -0
      objectReference: {fileID: 0}
    - target: {fileID: 4092057462786204, guid: 3b70fc22738ed2a468234d601eced655, type: 2}
      propertyPath: m_LocalRotation.y
      value: -0
      objectReference: {fileID: 0}
    - target: {fileID: 4092057462786204, guid: 3b70fc22738ed2a468234d601eced655, type: 2}
      propertyPath: m_LocalRotation.z
      value: -0
      objectReference: {fileID: 0}
    - target: {fileID: 4092057462786204, guid: 3b70fc22738ed2a468234d601eced655, type: 2}
      propertyPath: m_LocalRotation.w
      value: 1
      objectReference: {fileID: 0}
    - target: {fileID: 4092057462786204, guid: 3b70fc22738ed2a468234d601eced655, type: 2}
      propertyPath: m_RootOrder
      value: 0
      objectReference: {fileID: 0}
    - target: {fileID: 1890627437533070, guid: 3b70fc22738ed2a468234d601eced655, type: 2}
      propertyPath: m_Name
      value: cell_0_0
      objectReference: {fileID: 0}
    m_RemovedComponents: []
  m_ParentPrefab: {fileID: 100100000, guid: 3b70fc22738ed2a468234d601eced655, type: 2}
  m_IsPrefabParent: 0
--- !u!4 &1367145736 stripped
Transform:
  m_PrefabParentObject: {fileID: 4092057462786204, guid: 3b70fc22738ed2a468234d601eced655,
    type: 2}
  m_PrefabInternal: {fileID: 1367145735}
--- !u!1 &1367145737 stripped
GameObject:
  m_PrefabParentObject: {fileID: 1890627437533070, guid: 3b70fc22738ed2a468234d601eced655,
    type: 2}
  m_PrefabInternal: {fileID: 1367145735}
--- !u!1001 &1372254749
Prefab:
  m_ObjectHideFlags: 0
  serializedVersion: 2
  m_Modification:
    m_TransformParent: {fileID: 168631594}
    m_Modifications:
    - target: {fileID: 4092057462786204, guid: 3b70fc22738ed2a468234d601eced655, type: 2}
      propertyPath: m_LocalPosition.x
      value: 1
      objectReference: {fileID: 0}
    - target: {fileID: 4092057462786204, guid: 3b70fc22738ed2a468234d601eced655, type: 2}
      propertyPath: m_LocalPosition.y
      value: 0
      objectReference: {fileID: 0}
    - target: {fileID: 4092057462786204, guid: 3b70fc22738ed2a468234d601eced655, type: 2}
      propertyPath: m_LocalPosition.z
      value: 0
      objectReference: {fileID: 0}
    - target: {fileID: 4092057462786204, guid: 3b70fc22738ed2a468234d601eced655, type: 2}
      propertyPath: m_LocalRotation.x
      value: -0
      objectReference: {fileID: 0}
    - target: {fileID: 4092057462786204, guid: 3b70fc22738ed2a468234d601eced655, type: 2}
      propertyPath: m_LocalRotation.y
      value: -0
      objectReference: {fileID: 0}
    - target: {fileID: 4092057462786204, guid: 3b70fc22738ed2a468234d601eced655, type: 2}
      propertyPath: m_LocalRotation.z
      value: -0
      objectReference: {fileID: 0}
    - target: {fileID: 4092057462786204, guid: 3b70fc22738ed2a468234d601eced655, type: 2}
      propertyPath: m_LocalRotation.w
      value: 1
      objectReference: {fileID: 0}
    - target: {fileID: 4092057462786204, guid: 3b70fc22738ed2a468234d601eced655, type: 2}
      propertyPath: m_RootOrder
      value: 1
      objectReference: {fileID: 0}
    - target: {fileID: 1890627437533070, guid: 3b70fc22738ed2a468234d601eced655, type: 2}
      propertyPath: m_Name
      value: cell_3_1
      objectReference: {fileID: 0}
    m_RemovedComponents: []
  m_ParentPrefab: {fileID: 100100000, guid: 3b70fc22738ed2a468234d601eced655, type: 2}
  m_IsPrefabParent: 0
--- !u!4 &1372254750 stripped
Transform:
  m_PrefabParentObject: {fileID: 4092057462786204, guid: 3b70fc22738ed2a468234d601eced655,
    type: 2}
  m_PrefabInternal: {fileID: 1372254749}
--- !u!1 &1372254751 stripped
GameObject:
  m_PrefabParentObject: {fileID: 1890627437533070, guid: 3b70fc22738ed2a468234d601eced655,
    type: 2}
  m_PrefabInternal: {fileID: 1372254749}
--- !u!1 &1427070640
GameObject:
  m_ObjectHideFlags: 0
  m_PrefabParentObject: {fileID: 0}
  m_PrefabInternal: {fileID: 0}
  serializedVersion: 5
  m_Component:
  - component: {fileID: 1427070642}
  - component: {fileID: 1427070641}
  m_Layer: 0
  m_Name: Grid
  m_TagString: Untagged
  m_Icon: {fileID: 0}
  m_NavMeshLayer: 0
  m_StaticEditorFlags: 0
  m_IsActive: 1
--- !u!114 &1427070641
MonoBehaviour:
  m_ObjectHideFlags: 0
  m_PrefabParentObject: {fileID: 0}
  m_PrefabInternal: {fileID: 0}
  m_GameObject: {fileID: 1427070640}
  m_Enabled: 1
  m_EditorHideFlags: 0
  m_Script: {fileID: 11500000, guid: 4dc12b0637cb5ab4592bcabfb6f052ce, type: 3}
  m_Name: 
  m_EditorClassIdentifier: 
  grid:
  - elements:
    - {fileID: 1367145737}
    - {fileID: 1820115880}
    - {fileID: 185625446}
    - {fileID: 707108623}
    - {fileID: 1470619091}
  - elements:
    - {fileID: 505361028}
    - {fileID: 1950000586}
    - {fileID: 177972274}
    - {fileID: 502254444}
    - {fileID: 2101878449}
  - elements:
    - {fileID: 2040594422}
    - {fileID: 1427660666}
    - {fileID: 1908135952}
    - {fileID: 2003273447}
    - {fileID: 842735244}
  - elements:
    - {fileID: 255161937}
    - {fileID: 1372254751}
    - {fileID: 224065786}
    - {fileID: 704714464}
    - {fileID: 765474450}
  - elements:
    - {fileID: 1546657691}
    - {fileID: 453484403}
    - {fileID: 1362049964}
    - {fileID: 1241679591}
    - {fileID: 39558997}
--- !u!4 &1427070642
Transform:
  m_ObjectHideFlags: 0
  m_PrefabParentObject: {fileID: 0}
  m_PrefabInternal: {fileID: 0}
  m_GameObject: {fileID: 1427070640}
  m_LocalRotation: {x: 0, y: 0, z: 0, w: 1}
  m_LocalPosition: {x: -2.06, y: 2.06, z: 0}
  m_LocalScale: {x: 1, y: 1, z: 1}
  m_Children:
  - {fileID: 1475698725}
  - {fileID: 1551721974}
  - {fileID: 1932025855}
  - {fileID: 168631594}
  - {fileID: 1663899092}
  m_Father: {fileID: 0}
  m_RootOrder: 1
  m_LocalEulerAnglesHint: {x: 0, y: 0, z: 0}
--- !u!1001 &1427660664
Prefab:
  m_ObjectHideFlags: 0
  serializedVersion: 2
  m_Modification:
    m_TransformParent: {fileID: 1932025855}
    m_Modifications:
    - target: {fileID: 4092057462786204, guid: 3b70fc22738ed2a468234d601eced655, type: 2}
      propertyPath: m_LocalPosition.x
      value: 1
      objectReference: {fileID: 0}
    - target: {fileID: 4092057462786204, guid: 3b70fc22738ed2a468234d601eced655, type: 2}
      propertyPath: m_LocalPosition.y
      value: 0
      objectReference: {fileID: 0}
    - target: {fileID: 4092057462786204, guid: 3b70fc22738ed2a468234d601eced655, type: 2}
      propertyPath: m_LocalPosition.z
      value: 0
      objectReference: {fileID: 0}
    - target: {fileID: 4092057462786204, guid: 3b70fc22738ed2a468234d601eced655, type: 2}
      propertyPath: m_LocalRotation.x
      value: -0
      objectReference: {fileID: 0}
    - target: {fileID: 4092057462786204, guid: 3b70fc22738ed2a468234d601eced655, type: 2}
      propertyPath: m_LocalRotation.y
      value: -0
      objectReference: {fileID: 0}
    - target: {fileID: 4092057462786204, guid: 3b70fc22738ed2a468234d601eced655, type: 2}
      propertyPath: m_LocalRotation.z
      value: -0
      objectReference: {fileID: 0}
    - target: {fileID: 4092057462786204, guid: 3b70fc22738ed2a468234d601eced655, type: 2}
      propertyPath: m_LocalRotation.w
      value: 1
      objectReference: {fileID: 0}
    - target: {fileID: 4092057462786204, guid: 3b70fc22738ed2a468234d601eced655, type: 2}
      propertyPath: m_RootOrder
      value: 1
      objectReference: {fileID: 0}
    - target: {fileID: 1890627437533070, guid: 3b70fc22738ed2a468234d601eced655, type: 2}
      propertyPath: m_Name
      value: cell_2_1
      objectReference: {fileID: 0}
    m_RemovedComponents: []
  m_ParentPrefab: {fileID: 100100000, guid: 3b70fc22738ed2a468234d601eced655, type: 2}
  m_IsPrefabParent: 0
--- !u!4 &1427660665 stripped
Transform:
  m_PrefabParentObject: {fileID: 4092057462786204, guid: 3b70fc22738ed2a468234d601eced655,
    type: 2}
  m_PrefabInternal: {fileID: 1427660664}
--- !u!1 &1427660666 stripped
GameObject:
  m_PrefabParentObject: {fileID: 1890627437533070, guid: 3b70fc22738ed2a468234d601eced655,
    type: 2}
  m_PrefabInternal: {fileID: 1427660664}
--- !u!1001 &1470619090
Prefab:
  m_ObjectHideFlags: 0
  serializedVersion: 2
  m_Modification:
    m_TransformParent: {fileID: 1475698725}
    m_Modifications:
    - target: {fileID: 4092057462786204, guid: 3b70fc22738ed2a468234d601eced655, type: 2}
      propertyPath: m_LocalPosition.x
      value: 4
      objectReference: {fileID: 0}
    - target: {fileID: 4092057462786204, guid: 3b70fc22738ed2a468234d601eced655, type: 2}
      propertyPath: m_LocalPosition.y
      value: 0
      objectReference: {fileID: 0}
    - target: {fileID: 4092057462786204, guid: 3b70fc22738ed2a468234d601eced655, type: 2}
      propertyPath: m_LocalPosition.z
      value: 0
      objectReference: {fileID: 0}
    - target: {fileID: 4092057462786204, guid: 3b70fc22738ed2a468234d601eced655, type: 2}
      propertyPath: m_LocalRotation.x
      value: -0
      objectReference: {fileID: 0}
    - target: {fileID: 4092057462786204, guid: 3b70fc22738ed2a468234d601eced655, type: 2}
      propertyPath: m_LocalRotation.y
      value: -0
      objectReference: {fileID: 0}
    - target: {fileID: 4092057462786204, guid: 3b70fc22738ed2a468234d601eced655, type: 2}
      propertyPath: m_LocalRotation.z
      value: -0
      objectReference: {fileID: 0}
    - target: {fileID: 4092057462786204, guid: 3b70fc22738ed2a468234d601eced655, type: 2}
      propertyPath: m_LocalRotation.w
      value: 1
      objectReference: {fileID: 0}
    - target: {fileID: 4092057462786204, guid: 3b70fc22738ed2a468234d601eced655, type: 2}
      propertyPath: m_RootOrder
      value: 4
      objectReference: {fileID: 0}
    - target: {fileID: 1890627437533070, guid: 3b70fc22738ed2a468234d601eced655, type: 2}
      propertyPath: m_Name
      value: cell_0_4
      objectReference: {fileID: 0}
    m_RemovedComponents: []
  m_ParentPrefab: {fileID: 100100000, guid: 3b70fc22738ed2a468234d601eced655, type: 2}
  m_IsPrefabParent: 0
--- !u!1 &1470619091 stripped
GameObject:
  m_PrefabParentObject: {fileID: 1890627437533070, guid: 3b70fc22738ed2a468234d601eced655,
    type: 2}
  m_PrefabInternal: {fileID: 1470619090}
--- !u!4 &1470619092 stripped
Transform:
  m_PrefabParentObject: {fileID: 4092057462786204, guid: 3b70fc22738ed2a468234d601eced655,
    type: 2}
  m_PrefabInternal: {fileID: 1470619090}
--- !u!1 &1475698724
GameObject:
  m_ObjectHideFlags: 0
  m_PrefabParentObject: {fileID: 0}
  m_PrefabInternal: {fileID: 0}
  serializedVersion: 5
  m_Component:
  - component: {fileID: 1475698725}
  m_Layer: 0
  m_Name: row0
  m_TagString: Untagged
  m_Icon: {fileID: 0}
  m_NavMeshLayer: 0
  m_StaticEditorFlags: 0
  m_IsActive: 1
--- !u!4 &1475698725
Transform:
  m_ObjectHideFlags: 0
  m_PrefabParentObject: {fileID: 0}
  m_PrefabInternal: {fileID: 0}
  m_GameObject: {fileID: 1475698724}
  m_LocalRotation: {x: -0, y: -0, z: -0, w: 1}
  m_LocalPosition: {x: 0, y: -0, z: 0}
  m_LocalScale: {x: 1, y: 1, z: 1}
  m_Children:
  - {fileID: 1367145736}
  - {fileID: 1820115879}
  - {fileID: 185625445}
  - {fileID: 707108622}
  - {fileID: 1470619092}
  m_Father: {fileID: 1427070642}
  m_RootOrder: 0
  m_LocalEulerAnglesHint: {x: 0, y: 0, z: 0}
--- !u!1001 &1546657689
Prefab:
  m_ObjectHideFlags: 0
  serializedVersion: 2
  m_Modification:
    m_TransformParent: {fileID: 1663899092}
    m_Modifications:
    - target: {fileID: 4092057462786204, guid: 3b70fc22738ed2a468234d601eced655, type: 2}
      propertyPath: m_LocalPosition.x
      value: 0
      objectReference: {fileID: 0}
    - target: {fileID: 4092057462786204, guid: 3b70fc22738ed2a468234d601eced655, type: 2}
      propertyPath: m_LocalPosition.y
      value: 0
      objectReference: {fileID: 0}
    - target: {fileID: 4092057462786204, guid: 3b70fc22738ed2a468234d601eced655, type: 2}
      propertyPath: m_LocalPosition.z
      value: 0
      objectReference: {fileID: 0}
    - target: {fileID: 4092057462786204, guid: 3b70fc22738ed2a468234d601eced655, type: 2}
      propertyPath: m_LocalRotation.x
      value: -0
      objectReference: {fileID: 0}
    - target: {fileID: 4092057462786204, guid: 3b70fc22738ed2a468234d601eced655, type: 2}
      propertyPath: m_LocalRotation.y
      value: -0
      objectReference: {fileID: 0}
    - target: {fileID: 4092057462786204, guid: 3b70fc22738ed2a468234d601eced655, type: 2}
      propertyPath: m_LocalRotation.z
      value: -0
      objectReference: {fileID: 0}
    - target: {fileID: 4092057462786204, guid: 3b70fc22738ed2a468234d601eced655, type: 2}
      propertyPath: m_LocalRotation.w
      value: 1
      objectReference: {fileID: 0}
    - target: {fileID: 4092057462786204, guid: 3b70fc22738ed2a468234d601eced655, type: 2}
      propertyPath: m_RootOrder
      value: 0
      objectReference: {fileID: 0}
    - target: {fileID: 1890627437533070, guid: 3b70fc22738ed2a468234d601eced655, type: 2}
      propertyPath: m_Name
      value: cell_4_0
      objectReference: {fileID: 0}
    m_RemovedComponents: []
  m_ParentPrefab: {fileID: 100100000, guid: 3b70fc22738ed2a468234d601eced655, type: 2}
  m_IsPrefabParent: 0
--- !u!4 &1546657690 stripped
Transform:
  m_PrefabParentObject: {fileID: 4092057462786204, guid: 3b70fc22738ed2a468234d601eced655,
    type: 2}
  m_PrefabInternal: {fileID: 1546657689}
--- !u!1 &1546657691 stripped
GameObject:
  m_PrefabParentObject: {fileID: 1890627437533070, guid: 3b70fc22738ed2a468234d601eced655,
    type: 2}
  m_PrefabInternal: {fileID: 1546657689}
--- !u!1 &1551721973
GameObject:
  m_ObjectHideFlags: 0
  m_PrefabParentObject: {fileID: 0}
  m_PrefabInternal: {fileID: 0}
  serializedVersion: 5
  m_Component:
  - component: {fileID: 1551721974}
  m_Layer: 0
  m_Name: row1
  m_TagString: Untagged
  m_Icon: {fileID: 0}
  m_NavMeshLayer: 0
  m_StaticEditorFlags: 0
  m_IsActive: 1
--- !u!4 &1551721974
Transform:
  m_ObjectHideFlags: 0
  m_PrefabParentObject: {fileID: 0}
  m_PrefabInternal: {fileID: 0}
  m_GameObject: {fileID: 1551721973}
  m_LocalRotation: {x: -0, y: -0, z: -0, w: 1}
  m_LocalPosition: {x: 0, y: -1, z: 0}
  m_LocalScale: {x: 1, y: 1, z: 1}
  m_Children:
  - {fileID: 505361027}
  - {fileID: 1950000585}
  - {fileID: 177972273}
  - {fileID: 502254443}
  - {fileID: 2101878450}
  m_Father: {fileID: 1427070642}
  m_RootOrder: 1
  m_LocalEulerAnglesHint: {x: 0, y: 0, z: 0}
--- !u!1 &1600444169
GameObject:
  m_ObjectHideFlags: 0
  m_PrefabParentObject: {fileID: 0}
  m_PrefabInternal: {fileID: 0}
  serializedVersion: 5
  m_Component:
  - component: {fileID: 1600444171}
  - component: {fileID: 1600444170}
  m_Layer: 0
  m_Name: SCRIPT
  m_TagString: Untagged
  m_Icon: {fileID: 0}
  m_NavMeshLayer: 0
  m_StaticEditorFlags: 0
  m_IsActive: 1
--- !u!114 &1600444170
MonoBehaviour:
  m_ObjectHideFlags: 0
  m_PrefabParentObject: {fileID: 0}
  m_PrefabInternal: {fileID: 0}
  m_GameObject: {fileID: 1600444169}
  m_Enabled: 1
  m_EditorHideFlags: 0
  m_Script: {fileID: 11500000, guid: f7d7a7c3de8a50942ac2c9cb7faf5418, type: 3}
  m_Name: 
  m_EditorClassIdentifier: 
  grid: {fileID: 1427070641}
--- !u!4 &1600444171
Transform:
  m_ObjectHideFlags: 0
  m_PrefabParentObject: {fileID: 0}
  m_PrefabInternal: {fileID: 0}
  m_GameObject: {fileID: 1600444169}
  m_LocalRotation: {x: 0, y: 0, z: 0, w: 1}
  m_LocalPosition: {x: 0, y: 0, z: 0}
  m_LocalScale: {x: 1, y: 1, z: 1}
  m_Children: []
  m_Father: {fileID: 0}
  m_RootOrder: 2
  m_LocalEulerAnglesHint: {x: 0, y: 0, z: 0}
--- !u!1 &1663899091
GameObject:
  m_ObjectHideFlags: 0
  m_PrefabParentObject: {fileID: 0}
  m_PrefabInternal: {fileID: 0}
  serializedVersion: 5
  m_Component:
  - component: {fileID: 1663899092}
  m_Layer: 0
  m_Name: row4
  m_TagString: Untagged
  m_Icon: {fileID: 0}
  m_NavMeshLayer: 0
  m_StaticEditorFlags: 0
  m_IsActive: 1
--- !u!4 &1663899092
Transform:
  m_ObjectHideFlags: 0
  m_PrefabParentObject: {fileID: 0}
  m_PrefabInternal: {fileID: 0}
  m_GameObject: {fileID: 1663899091}
  m_LocalRotation: {x: -0, y: -0, z: -0, w: 1}
  m_LocalPosition: {x: 0, y: -4, z: 0}
  m_LocalScale: {x: 1, y: 1, z: 1}
  m_Children:
  - {fileID: 1546657690}
  - {fileID: 453484402}
  - {fileID: 1362049963}
  - {fileID: 1241679590}
  - {fileID: 39558998}
  m_Father: {fileID: 1427070642}
  m_RootOrder: 4
  m_LocalEulerAnglesHint: {x: 0, y: 0, z: 0}
--- !u!1001 &1820115878
Prefab:
  m_ObjectHideFlags: 0
  serializedVersion: 2
  m_Modification:
    m_TransformParent: {fileID: 1475698725}
    m_Modifications:
    - target: {fileID: 4092057462786204, guid: 3b70fc22738ed2a468234d601eced655, type: 2}
      propertyPath: m_LocalPosition.x
      value: 1
      objectReference: {fileID: 0}
    - target: {fileID: 4092057462786204, guid: 3b70fc22738ed2a468234d601eced655, type: 2}
      propertyPath: m_LocalPosition.y
      value: 0
      objectReference: {fileID: 0}
    - target: {fileID: 4092057462786204, guid: 3b70fc22738ed2a468234d601eced655, type: 2}
      propertyPath: m_LocalPosition.z
      value: 0
      objectReference: {fileID: 0}
    - target: {fileID: 4092057462786204, guid: 3b70fc22738ed2a468234d601eced655, type: 2}
      propertyPath: m_LocalRotation.x
      value: -0
      objectReference: {fileID: 0}
    - target: {fileID: 4092057462786204, guid: 3b70fc22738ed2a468234d601eced655, type: 2}
      propertyPath: m_LocalRotation.y
      value: -0
      objectReference: {fileID: 0}
    - target: {fileID: 4092057462786204, guid: 3b70fc22738ed2a468234d601eced655, type: 2}
      propertyPath: m_LocalRotation.z
      value: -0
      objectReference: {fileID: 0}
    - target: {fileID: 4092057462786204, guid: 3b70fc22738ed2a468234d601eced655, type: 2}
      propertyPath: m_LocalRotation.w
      value: 1
      objectReference: {fileID: 0}
    - target: {fileID: 4092057462786204, guid: 3b70fc22738ed2a468234d601eced655, type: 2}
      propertyPath: m_RootOrder
      value: 1
      objectReference: {fileID: 0}
    - target: {fileID: 1890627437533070, guid: 3b70fc22738ed2a468234d601eced655, type: 2}
      propertyPath: m_Name
      value: cell_0_1
      objectReference: {fileID: 0}
    m_RemovedComponents: []
  m_ParentPrefab: {fileID: 100100000, guid: 3b70fc22738ed2a468234d601eced655, type: 2}
  m_IsPrefabParent: 0
--- !u!4 &1820115879 stripped
Transform:
  m_PrefabParentObject: {fileID: 4092057462786204, guid: 3b70fc22738ed2a468234d601eced655,
    type: 2}
  m_PrefabInternal: {fileID: 1820115878}
--- !u!1 &1820115880 stripped
GameObject:
  m_PrefabParentObject: {fileID: 1890627437533070, guid: 3b70fc22738ed2a468234d601eced655,
    type: 2}
  m_PrefabInternal: {fileID: 1820115878}
--- !u!1001 &1908135950
Prefab:
  m_ObjectHideFlags: 0
  serializedVersion: 2
  m_Modification:
    m_TransformParent: {fileID: 1932025855}
    m_Modifications:
    - target: {fileID: 4092057462786204, guid: 3b70fc22738ed2a468234d601eced655, type: 2}
      propertyPath: m_LocalPosition.x
      value: 2
      objectReference: {fileID: 0}
    - target: {fileID: 4092057462786204, guid: 3b70fc22738ed2a468234d601eced655, type: 2}
      propertyPath: m_LocalPosition.y
      value: 0
      objectReference: {fileID: 0}
    - target: {fileID: 4092057462786204, guid: 3b70fc22738ed2a468234d601eced655, type: 2}
      propertyPath: m_LocalPosition.z
      value: 0
      objectReference: {fileID: 0}
    - target: {fileID: 4092057462786204, guid: 3b70fc22738ed2a468234d601eced655, type: 2}
      propertyPath: m_LocalRotation.x
      value: -0
      objectReference: {fileID: 0}
    - target: {fileID: 4092057462786204, guid: 3b70fc22738ed2a468234d601eced655, type: 2}
      propertyPath: m_LocalRotation.y
      value: -0
      objectReference: {fileID: 0}
    - target: {fileID: 4092057462786204, guid: 3b70fc22738ed2a468234d601eced655, type: 2}
      propertyPath: m_LocalRotation.z
      value: -0
      objectReference: {fileID: 0}
    - target: {fileID: 4092057462786204, guid: 3b70fc22738ed2a468234d601eced655, type: 2}
      propertyPath: m_LocalRotation.w
      value: 1
      objectReference: {fileID: 0}
    - target: {fileID: 4092057462786204, guid: 3b70fc22738ed2a468234d601eced655, type: 2}
      propertyPath: m_RootOrder
      value: 2
      objectReference: {fileID: 0}
    - target: {fileID: 1890627437533070, guid: 3b70fc22738ed2a468234d601eced655, type: 2}
      propertyPath: m_Name
      value: cell_2_2
      objectReference: {fileID: 0}
    m_RemovedComponents: []
  m_ParentPrefab: {fileID: 100100000, guid: 3b70fc22738ed2a468234d601eced655, type: 2}
  m_IsPrefabParent: 0
--- !u!4 &1908135951 stripped
Transform:
  m_PrefabParentObject: {fileID: 4092057462786204, guid: 3b70fc22738ed2a468234d601eced655,
    type: 2}
  m_PrefabInternal: {fileID: 1908135950}
--- !u!1 &1908135952 stripped
GameObject:
  m_PrefabParentObject: {fileID: 1890627437533070, guid: 3b70fc22738ed2a468234d601eced655,
    type: 2}
  m_PrefabInternal: {fileID: 1908135950}
--- !u!1 &1932025854
GameObject:
  m_ObjectHideFlags: 0
  m_PrefabParentObject: {fileID: 0}
  m_PrefabInternal: {fileID: 0}
  serializedVersion: 5
  m_Component:
  - component: {fileID: 1932025855}
  m_Layer: 0
  m_Name: row2
  m_TagString: Untagged
  m_Icon: {fileID: 0}
  m_NavMeshLayer: 0
  m_StaticEditorFlags: 0
  m_IsActive: 1
--- !u!4 &1932025855
Transform:
  m_ObjectHideFlags: 0
  m_PrefabParentObject: {fileID: 0}
  m_PrefabInternal: {fileID: 0}
  m_GameObject: {fileID: 1932025854}
  m_LocalRotation: {x: -0, y: -0, z: -0, w: 1}
  m_LocalPosition: {x: 0, y: -2, z: 0}
  m_LocalScale: {x: 1, y: 1, z: 1}
  m_Children:
  - {fileID: 2040594421}
  - {fileID: 1427660665}
  - {fileID: 1908135951}
  - {fileID: 2003273446}
  - {fileID: 842735245}
  m_Father: {fileID: 1427070642}
  m_RootOrder: 2
  m_LocalEulerAnglesHint: {x: 0, y: 0, z: 0}
--- !u!1001 &1950000584
Prefab:
  m_ObjectHideFlags: 0
  serializedVersion: 2
  m_Modification:
    m_TransformParent: {fileID: 1551721974}
    m_Modifications:
    - target: {fileID: 4092057462786204, guid: 3b70fc22738ed2a468234d601eced655, type: 2}
      propertyPath: m_LocalPosition.x
      value: 1
      objectReference: {fileID: 0}
    - target: {fileID: 4092057462786204, guid: 3b70fc22738ed2a468234d601eced655, type: 2}
      propertyPath: m_LocalPosition.y
      value: 0
      objectReference: {fileID: 0}
    - target: {fileID: 4092057462786204, guid: 3b70fc22738ed2a468234d601eced655, type: 2}
      propertyPath: m_LocalPosition.z
      value: 0
      objectReference: {fileID: 0}
    - target: {fileID: 4092057462786204, guid: 3b70fc22738ed2a468234d601eced655, type: 2}
      propertyPath: m_LocalRotation.x
      value: -0
      objectReference: {fileID: 0}
    - target: {fileID: 4092057462786204, guid: 3b70fc22738ed2a468234d601eced655, type: 2}
      propertyPath: m_LocalRotation.y
      value: -0
      objectReference: {fileID: 0}
    - target: {fileID: 4092057462786204, guid: 3b70fc22738ed2a468234d601eced655, type: 2}
      propertyPath: m_LocalRotation.z
      value: -0
      objectReference: {fileID: 0}
    - target: {fileID: 4092057462786204, guid: 3b70fc22738ed2a468234d601eced655, type: 2}
      propertyPath: m_LocalRotation.w
      value: 1
      objectReference: {fileID: 0}
    - target: {fileID: 4092057462786204, guid: 3b70fc22738ed2a468234d601eced655, type: 2}
      propertyPath: m_RootOrder
      value: 1
      objectReference: {fileID: 0}
    - target: {fileID: 1890627437533070, guid: 3b70fc22738ed2a468234d601eced655, type: 2}
      propertyPath: m_Name
      value: cell_1_1
      objectReference: {fileID: 0}
    m_RemovedComponents: []
  m_ParentPrefab: {fileID: 100100000, guid: 3b70fc22738ed2a468234d601eced655, type: 2}
  m_IsPrefabParent: 0
--- !u!4 &1950000585 stripped
Transform:
  m_PrefabParentObject: {fileID: 4092057462786204, guid: 3b70fc22738ed2a468234d601eced655,
    type: 2}
  m_PrefabInternal: {fileID: 1950000584}
--- !u!1 &1950000586 stripped
GameObject:
  m_PrefabParentObject: {fileID: 1890627437533070, guid: 3b70fc22738ed2a468234d601eced655,
    type: 2}
  m_PrefabInternal: {fileID: 1950000584}
--- !u!1001 &2003273445
Prefab:
  m_ObjectHideFlags: 0
  serializedVersion: 2
  m_Modification:
    m_TransformParent: {fileID: 1932025855}
    m_Modifications:
    - target: {fileID: 4092057462786204, guid: 3b70fc22738ed2a468234d601eced655, type: 2}
      propertyPath: m_LocalPosition.x
      value: 3
      objectReference: {fileID: 0}
    - target: {fileID: 4092057462786204, guid: 3b70fc22738ed2a468234d601eced655, type: 2}
      propertyPath: m_LocalPosition.y
      value: 0
      objectReference: {fileID: 0}
    - target: {fileID: 4092057462786204, guid: 3b70fc22738ed2a468234d601eced655, type: 2}
      propertyPath: m_LocalPosition.z
      value: 0
      objectReference: {fileID: 0}
    - target: {fileID: 4092057462786204, guid: 3b70fc22738ed2a468234d601eced655, type: 2}
      propertyPath: m_LocalRotation.x
      value: -0
      objectReference: {fileID: 0}
    - target: {fileID: 4092057462786204, guid: 3b70fc22738ed2a468234d601eced655, type: 2}
      propertyPath: m_LocalRotation.y
      value: -0
      objectReference: {fileID: 0}
    - target: {fileID: 4092057462786204, guid: 3b70fc22738ed2a468234d601eced655, type: 2}
      propertyPath: m_LocalRotation.z
      value: -0
      objectReference: {fileID: 0}
    - target: {fileID: 4092057462786204, guid: 3b70fc22738ed2a468234d601eced655, type: 2}
      propertyPath: m_LocalRotation.w
      value: 1
      objectReference: {fileID: 0}
    - target: {fileID: 4092057462786204, guid: 3b70fc22738ed2a468234d601eced655, type: 2}
      propertyPath: m_RootOrder
      value: 3
      objectReference: {fileID: 0}
    - target: {fileID: 1890627437533070, guid: 3b70fc22738ed2a468234d601eced655, type: 2}
      propertyPath: m_Name
      value: cell_2_3
      objectReference: {fileID: 0}
    m_RemovedComponents: []
  m_ParentPrefab: {fileID: 100100000, guid: 3b70fc22738ed2a468234d601eced655, type: 2}
  m_IsPrefabParent: 0
--- !u!4 &2003273446 stripped
Transform:
  m_PrefabParentObject: {fileID: 4092057462786204, guid: 3b70fc22738ed2a468234d601eced655,
    type: 2}
  m_PrefabInternal: {fileID: 2003273445}
--- !u!1 &2003273447 stripped
GameObject:
  m_PrefabParentObject: {fileID: 1890627437533070, guid: 3b70fc22738ed2a468234d601eced655,
    type: 2}
  m_PrefabInternal: {fileID: 2003273445}
--- !u!1001 &2040594420
Prefab:
  m_ObjectHideFlags: 0
  serializedVersion: 2
  m_Modification:
    m_TransformParent: {fileID: 1932025855}
    m_Modifications:
    - target: {fileID: 4092057462786204, guid: 3b70fc22738ed2a468234d601eced655, type: 2}
      propertyPath: m_LocalPosition.x
      value: 0
      objectReference: {fileID: 0}
    - target: {fileID: 4092057462786204, guid: 3b70fc22738ed2a468234d601eced655, type: 2}
      propertyPath: m_LocalPosition.y
      value: 0
      objectReference: {fileID: 0}
    - target: {fileID: 4092057462786204, guid: 3b70fc22738ed2a468234d601eced655, type: 2}
      propertyPath: m_LocalPosition.z
      value: 0
      objectReference: {fileID: 0}
    - target: {fileID: 4092057462786204, guid: 3b70fc22738ed2a468234d601eced655, type: 2}
      propertyPath: m_LocalRotation.x
      value: -0
      objectReference: {fileID: 0}
    - target: {fileID: 4092057462786204, guid: 3b70fc22738ed2a468234d601eced655, type: 2}
      propertyPath: m_LocalRotation.y
      value: -0
      objectReference: {fileID: 0}
    - target: {fileID: 4092057462786204, guid: 3b70fc22738ed2a468234d601eced655, type: 2}
      propertyPath: m_LocalRotation.z
      value: -0
      objectReference: {fileID: 0}
    - target: {fileID: 4092057462786204, guid: 3b70fc22738ed2a468234d601eced655, type: 2}
      propertyPath: m_LocalRotation.w
      value: 1
      objectReference: {fileID: 0}
    - target: {fileID: 4092057462786204, guid: 3b70fc22738ed2a468234d601eced655, type: 2}
      propertyPath: m_RootOrder
      value: 0
      objectReference: {fileID: 0}
    - target: {fileID: 1890627437533070, guid: 3b70fc22738ed2a468234d601eced655, type: 2}
      propertyPath: m_Name
      value: cell_2_0
      objectReference: {fileID: 0}
    m_RemovedComponents: []
  m_ParentPrefab: {fileID: 100100000, guid: 3b70fc22738ed2a468234d601eced655, type: 2}
  m_IsPrefabParent: 0
--- !u!4 &2040594421 stripped
Transform:
  m_PrefabParentObject: {fileID: 4092057462786204, guid: 3b70fc22738ed2a468234d601eced655,
    type: 2}
  m_PrefabInternal: {fileID: 2040594420}
--- !u!1 &2040594422 stripped
GameObject:
  m_PrefabParentObject: {fileID: 1890627437533070, guid: 3b70fc22738ed2a468234d601eced655,
    type: 2}
  m_PrefabInternal: {fileID: 2040594420}
--- !u!1 &2097182071
GameObject:
  m_ObjectHideFlags: 0
  m_PrefabParentObject: {fileID: 0}
  m_PrefabInternal: {fileID: 0}
  serializedVersion: 5
  m_Component:
  - component: {fileID: 2097182072}
  - component: {fileID: 2097182074}
  - component: {fileID: 2097182073}
  m_Layer: 5
  m_Name: Text
  m_TagString: Untagged
  m_Icon: {fileID: 0}
  m_NavMeshLayer: 0
  m_StaticEditorFlags: 0
  m_IsActive: 1
--- !u!224 &2097182072
RectTransform:
  m_ObjectHideFlags: 0
  m_PrefabParentObject: {fileID: 0}
  m_PrefabInternal: {fileID: 0}
  m_GameObject: {fileID: 2097182071}
  m_LocalRotation: {x: 0, y: 0, z: 0, w: 1}
  m_LocalPosition: {x: 0, y: 0, z: 0}
  m_LocalScale: {x: 1, y: 1, z: 1}
  m_Children: []
  m_Father: {fileID: 790786238}
  m_RootOrder: 0
  m_LocalEulerAnglesHint: {x: 0, y: 0, z: 0}
  m_AnchorMin: {x: -0.0000000139077505, y: 0.85453707}
  m_AnchorMax: {x: 1, y: 1}
  m_AnchoredPosition: {x: 0, y: 0}
  m_SizeDelta: {x: 0, y: 0}
  m_Pivot: {x: 0.5, y: 0.5}
--- !u!114 &2097182073
MonoBehaviour:
  m_ObjectHideFlags: 0
  m_PrefabParentObject: {fileID: 0}
  m_PrefabInternal: {fileID: 0}
  m_GameObject: {fileID: 2097182071}
  m_Enabled: 1
  m_EditorHideFlags: 0
  m_Script: {fileID: 708705254, guid: f70555f144d8491a825f0804e09c671c, type: 3}
  m_Name: 
  m_EditorClassIdentifier: 
  m_Material: {fileID: 0}
  m_Color: {r: 1, g: 1, b: 1, a: 1}
  m_RaycastTarget: 1
  m_OnCullStateChanged:
    m_PersistentCalls:
      m_Calls: []
    m_TypeName: UnityEngine.UI.MaskableGraphic+CullStateChangedEvent, UnityEngine.UI,
      Version=1.0.0.0, Culture=neutral, PublicKeyToken=null
  m_FontData:
    m_Font: {fileID: 10102, guid: 0000000000000000e000000000000000, type: 0}
    m_FontSize: 14
    m_FontStyle: 0
    m_BestFit: 1
    m_MinSize: 10
    m_MaxSize: 40
    m_Alignment: 1
    m_AlignByGeometry: 0
    m_RichText: 1
    m_HorizontalOverflow: 0
    m_VerticalOverflow: 0
    m_LineSpacing: 1
  m_Text: Start the scene, look at console for output.
--- !u!222 &2097182074
CanvasRenderer:
  m_ObjectHideFlags: 0
  m_PrefabParentObject: {fileID: 0}
  m_PrefabInternal: {fileID: 0}
  m_GameObject: {fileID: 2097182071}
--- !u!1001 &2101878448
Prefab:
  m_ObjectHideFlags: 0
  serializedVersion: 2
  m_Modification:
    m_TransformParent: {fileID: 1551721974}
    m_Modifications:
    - target: {fileID: 4092057462786204, guid: 3b70fc22738ed2a468234d601eced655, type: 2}
      propertyPath: m_LocalPosition.x
      value: 4
      objectReference: {fileID: 0}
    - target: {fileID: 4092057462786204, guid: 3b70fc22738ed2a468234d601eced655, type: 2}
      propertyPath: m_LocalPosition.y
      value: 0
      objectReference: {fileID: 0}
    - target: {fileID: 4092057462786204, guid: 3b70fc22738ed2a468234d601eced655, type: 2}
      propertyPath: m_LocalPosition.z
      value: 0
      objectReference: {fileID: 0}
    - target: {fileID: 4092057462786204, guid: 3b70fc22738ed2a468234d601eced655, type: 2}
      propertyPath: m_LocalRotation.x
      value: -0
      objectReference: {fileID: 0}
    - target: {fileID: 4092057462786204, guid: 3b70fc22738ed2a468234d601eced655, type: 2}
      propertyPath: m_LocalRotation.y
      value: -0
      objectReference: {fileID: 0}
    - target: {fileID: 4092057462786204, guid: 3b70fc22738ed2a468234d601eced655, type: 2}
      propertyPath: m_LocalRotation.z
      value: -0
      objectReference: {fileID: 0}
    - target: {fileID: 4092057462786204, guid: 3b70fc22738ed2a468234d601eced655, type: 2}
      propertyPath: m_LocalRotation.w
      value: 1
      objectReference: {fileID: 0}
    - target: {fileID: 4092057462786204, guid: 3b70fc22738ed2a468234d601eced655, type: 2}
      propertyPath: m_RootOrder
      value: 4
      objectReference: {fileID: 0}
    - target: {fileID: 1890627437533070, guid: 3b70fc22738ed2a468234d601eced655, type: 2}
      propertyPath: m_Name
      value: cell_1_4
      objectReference: {fileID: 0}
    m_RemovedComponents: []
  m_ParentPrefab: {fileID: 100100000, guid: 3b70fc22738ed2a468234d601eced655, type: 2}
  m_IsPrefabParent: 0
--- !u!1 &2101878449 stripped
GameObject:
  m_PrefabParentObject: {fileID: 1890627437533070, guid: 3b70fc22738ed2a468234d601eced655,
    type: 2}
  m_PrefabInternal: {fileID: 2101878448}
--- !u!4 &2101878450 stripped
Transform:
  m_PrefabParentObject: {fileID: 4092057462786204, guid: 3b70fc22738ed2a468234d601eced655,
    type: 2}
  m_PrefabInternal: {fileID: 2101878448}
